@ARTICLE{Spall92multivariatestochastic,
    author = {James C. Spall and Senior Member},
    title = {Multivariate Stochastic Approximation Using a Simultaneous Perturbation Gradient Approximation},
    journal = {IEEE Transactions on Automatic Control},
    year = {1992},
    volume = {37},
    pages = {332--341}
}